
@article{huang_bulk_2014,
	title = {Bulk {Heterojunction} {Solar} {Cells}: {Morphology} and {Performance} {Relationships}},
	volume = {114},
	issn = {0009-2665, 1520-6890},
	shorttitle = {Bulk {Heterojunction} {Solar} {Cells}},
	url = {http://pubs.acs.org/doi/abs/10.1021/cr400353v},
	doi = {10.1021/cr400353v},
	language = {en},
	number = {14},
	urldate = {2015-03-25},
	journal = {Chemical Reviews},
	author = {Huang, Ye and Kramer, Edward J. and Heeger, Alan J. and Bazan, Guillermo C.},
	month = jul,
	year = {2014},
	pages = {7006--7043}
}

@article{takacs_solar_2012,
	title = {Solar {Cell} {Efficiency}, {Self}-{Assembly}, and {Dipole}â€“{Dipole} {Interactions} of {Isomorphic} {Narrow}-{Band}-{Gap} {Molecules}},
	volume = {134},
	issn = {0002-7863, 1520-5126},
	url = {http://pubs.acs.org/doi/abs/10.1021/ja3050713},
	doi = {10.1021/ja3050713},
	language = {en},
	number = {40},
	urldate = {2015-03-25},
	journal = {Journal of the American Chemical Society},
	author = {Takacs, Christopher J. and Sun, Yanming and Welch, Gregory C. and Perez, Louis A. and Liu, Xiaofeng and Wen, Wen and Bazan, Guillermo C. and Heeger, Alan J.},
	month = oct,
	year = {2012},
	pages = {16597--16606}
}

@article{kaake_charge_2015,
	title = {Charge transfer from delocalized excited states in a bulk heterojunction material},
	volume = {91},
	issn = {1098-0121, 1550-235X},
	url = {http://link.aps.org/doi/10.1103/PhysRevB.91.075436},
	doi = {10.1103/PhysRevB.91.075436},
	language = {en},
	number = {7},
	urldate = {2015-03-25},
	journal = {Physical Review B},
	author = {Kaake, Loren G. and Moses, Daniel and Heeger, Alan J.},
	month = feb,
	year = {2015}
}

@article{zhong_ultrafast_2015,
	title = {Ultrafast {Charge} {Transfer} in {Operating} {Bulk} {Heterojunction} {Solar} {Cells}},
	volume = {27},
	issn = {09359648},
	url = {http://doi.wiley.com/10.1002/adma.201405284},
	doi = {10.1002/adma.201405284},
	language = {en},
	number = {12},
	urldate = {2015-03-25},
	journal = {Advanced Materials},
	author = {Zhong, Chengmei and Choi, Hyosung and Kim, Jin Young and Woo, Han Young and Nguyen, Thanh Luan and Huang, Fei and Cao, Yong and Heeger, Alan J.},
	month = mar,
	year = {2015},
	pages = {2036--2041}
}

@article{cowan_charge_2012,
	title = {Charge {Formation}, {Recombination}, and {Sweep}-{Out} {Dynamics} in {Organic} {Solar} {Cells}},
	volume = {22},
	issn = {1616301X},
	url = {http://doi.wiley.com/10.1002/adfm.201101632},
	doi = {10.1002/adfm.201101632},
	language = {en},
	number = {6},
	urldate = {2015-03-25},
	journal = {Advanced Functional Materials},
	author = {Cowan, Sarah R. and Banerji, Natalie and Leong, Wei Lin and Heeger, Alan J.},
	month = mar,
	year = {2012},
	pages = {1116--1128}
}