
@book{sun1988,
	title = {高聚物中的孤子和极化子},
	publisher = {四川教育出版社},
	author = {孙, 鑫},
	year = {1988}
}

@article{sachdev1997,
	title = {Electrically {Conducting} {Polymers}: {An} {Overview}},
	volume = {55},
	issn = {1662-9779},
	shorttitle = {Electrically {Conducting} {Polymers}},
	url = {http://www.scientific.net/SSP.55.104},
	doi = {10.4028/www.scientific.net/SSP.55.104},
	urldate = {2015-03-17},
	journal = {Solid State Phenomena},
	author = {Sachdev, V.K. and Kumar, R.J. and Singh, A. and Kumar, Surendra and Mehra, R.M.},
	year = {1997},
	pages = {104--109}
}

@article{hotta_theoretical_2003,
	title = {Theoretical classification of two-dimensional organic conductors},
	volume = {329-333},
	issn = {09214526},
	url = {http://linkinghub.elsevier.com/retrieve/pii/S0921452602020847},
	doi = {10.1016/S0921-4526(02)02084-7},
	language = {en},
	urldate = {2015-03-17},
	journal = {Physica B: Condensed Matter},
	author = {Hotta, C},
	month = may,
	year = {2003},
	pages = {1164--1165}
}

@article{dupuis_sign_1999,
	title = {Sign reversals of the quantum {Hall} effect and helicoidal magnetic-field-induced spin-density waves in organic conductors},
	volume = {259-261},
	issn = {09214526},
	url = {http://linkinghub.elsevier.com/retrieve/pii/S0921452698010564},
	doi = {10.1016/S0921-4526(98)01056-4},
	language = {en},
	urldate = {2015-03-17},
	journal = {Physica B: Condensed Matter},
	author = {Dupuis, N. and Yakovenko, Victor M.},
	month = jan,
	year = {1999},
	pages = {1013--1014}
}
%[5-6]
@book{peierls_quantum_1955,
	title = {Quantum {Theory} of {Solids}},
	publisher = {OXFORD UNIVERSITY PRESS},
	author = {Peierls, R E},
	year = {1955}
}

@article{wang_criterion_1985,
	title = {A criterion for two kinds of {Peierls} transitions},
	volume = {2},
	issn = {0256-307X, 1741-3540},
	url = {http://stacks.iop.org/0256-307X/2/i=3/a=012?key=crossref.dc1a1b1dfd7c0b5d20cbd072e9cc8a21},
	doi = {10.1088/0256-307X/2/3/012},
	number = {3},
	urldate = {2015-03-17},
	journal = {Chinese Physics Letters},
	author = {Wang, Z and Wu, C and Sun, X},
	month = mar,
	year = {1985},
	pages = {141--144}
}
%7-9
@article{shirakawa_synthesis_1977,
	title = {Synthesis of electrically conducting organic polymers: halogen derivatives of polyacetylene, ({CH}) x},
	issn = {0022-4936},
	shorttitle = {Synthesis of electrically conducting organic polymers},
	url = {http://xlink.rsc.org/?DOI=c39770000578},
	doi = {10.1039/c39770000578},
	language = {en},
	number = {16},
	urldate = {2015-03-17},
	journal = {Journal of the Chemical Society, Chemical Communications},
	author = {Shirakawa, Hideki and Louis, Edwin J. and MacDiarmid, Alan G. and Chiang, Chwan K. and Heeger, Alan J.},
	year = {1977},
	pages = {578}
}

@article{__2003,
	title = {白川英树与导电聚合物发现力学纪学},
	volume = {18},
	number = {1},
	author = {{诸平} and {张文根}},
	year = {2003},
	pages = {60--62}
}

@article{lippe_electrochemical_1991,
	title = {Electrochemical in-situ conductivity and polaron concentration measurements at selected conducting polymers},
	volume = {43},
	issn = {03796779},
	url = {http://linkinghub.elsevier.com/retrieve/pii/037967799191208R},
	doi = {10.1016/0379-6779(91)91208-R},
	language = {en},
	number = {1-2},
	urldate = {2015-03-17},
	journal = {Synthetic Metals},
	author = {Lippe, J. and Holze, R.},
	month = jun,
	year = {1991},
	pages = {2927--2930}
}
%10-13
@article{a_bernanose_new_1953,
	title = {A new method of emission of light by certain organic compounds},
	volume = {50},
	journal = {J. Chim. Phys},
	author = {{A Bernanose} and Comte, M and Vouaux, P},
	year = {1953},
	pages = {64--68}
}

@article{bernanose_organic_1953,
	title = {Organic electroluminescence type of emission},
	volume = {50},
	journal = {J. Chim. Phys},
	author = {Bernanose, A and Vouaux, P},
	year = {1953},
	pages = {261}
}

@article{bernanose__1955,
	volume = {52},
	journal = {J. Chim. Phys.},
	author = {Bernanose, A},
	year = {1955},
	pages = {396}
}

@article{bernanose__1955-1,
	volume = {52},
	journal = {J. Chim. Phys.},
	author = {Bernanose, A and Vouaux, P},
	year = {1955},
	pages = {509}
}
%14-16
@article{kallmann_bulk_1960,
	title = {Bulk {Conductivity} in {Organic} {Crystals}},
	volume = {186},
	issn = {0028-0836},
	url = {http://www.nature.com/doifinder/10.1038/186031a0},
	doi = {10.1038/186031a0},
	number = {4718},
	urldate = {2015-03-17},
	journal = {Nature},
	author = {Kallmann, H. and Pope, M.},
	month = apr,
	year = {1960},
	pages = {31--33}
}

@article{pope_electroluminescence_1963,
	title = {Electroluminescence in {Organic} {Crystals}},
	volume = {38},
	issn = {00219606},
	url = {http://scitation.aip.org/content/aip/journal/jcp/38/8/10.1063/1.1733929},
	doi = {10.1063/1.1733929},
	language = {en},
	number = {8},
	urldate = {2015-03-17},
	journal = {The Journal of Chemical Physics},
	author = {Pope, M. and Kallmann, H. P. and Magnante, P.},
	year = {1963},
	pages = {2042}
}

@article{kallmann_positive_1960,
	title = {Positive {Hole} {Injection} into {Organic} {Crystals}},
	volume = {32},
	issn = {00219606},
	url = {http://scitation.aip.org/content/aip/journal/jcp/32/1/10.1063/1.1700925},
	doi = {10.1063/1.1700925},
	language = {en},
	number = {1},
	urldate = {2015-03-17},
	journal = {The Journal of Chemical Physics},
	author = {Kallmann, H. and Pope, M.},
	year = {1960},
	pages = {300}
}
%17
@article{mark_space-charge-limited_1962,
	title = {Space-{Charge}-{Limited} {Currents} in {Organic} {Crystals}},
	volume = {33},
	issn = {00218979},
	url = {http://scitation.aip.org/content/aip/journal/jap/33/1/10.1063/1.1728487},
	doi = {10.1063/1.1728487},
	language = {en},
	number = {1},
	urldate = {2015-03-17},
	journal = {Journal of Applied Physics},
	author = {Mark, Peter and Helfrich, Wolfgang},
	year = {1962},
	pages = {205}
}
%18
@article{helfrich_recombination_1965,
	title = {Recombination {Radiation} in {Anthracene} {Crystals}},
	volume = {14},
	issn = {0031-9007},
	url = {http://link.aps.org/doi/10.1103/PhysRevLett.14.229},
	doi = {10.1103/PhysRevLett.14.229},
	language = {en},
	number = {7},
	urldate = {2015-03-17},
	journal = {Physical Review Letters},
	author = {Helfrich, W. and Schneider, W.},
	month = feb,
	year = {1965},
	pages = {229--231}
}
%19-22
@article{partridge_electroluminescence_1983,
	title = {Electroluminescence from polyvinylcarbazole films: 1. {Carbazole} cations},
	volume = {24},
	issn = {00323861},
	shorttitle = {Electroluminescence from polyvinylcarbazole films},
	url = {http://linkinghub.elsevier.com/retrieve/pii/0032386183900125},
	doi = {10.1016/0032-3861(83)90012-5},
	language = {en},
	number = {6},
	urldate = {2015-03-17},
	journal = {Polymer},
	author = {Partridge, R.H.},
	month = jun,
	year = {1983},
	pages = {733--738}
}

@article{partridge_electroluminescence_1983-1,
	title = {Electroluminescence from polyvinylcarbazole films: 2. {Polyvinylcarbazole} films containing antimony pentachloride},
	volume = {24},
	issn = {00323861},
	shorttitle = {Electroluminescence from polyvinylcarbazole films},
	url = {http://linkinghub.elsevier.com/retrieve/pii/0032386183900137},
	doi = {10.1016/0032-3861(83)90013-7},
	language = {en},
	number = {6},
	urldate = {2015-03-17},
	journal = {Polymer},
	author = {Partridge, R.H.},
	month = jun,
	year = {1983},
	pages = {739--747}
}

@article{partridge_electroluminescence_1983-2,
	title = {Electroluminescence from polyvinylcarbazole films: 3. {Electroluminescent} devices},
	volume = {24},
	issn = {00323861},
	shorttitle = {Electroluminescence from polyvinylcarbazole films},
	url = {http://linkinghub.elsevier.com/retrieve/pii/0032386183900149},
	doi = {10.1016/0032-3861(83)90014-9},
	language = {en},
	number = {6},
	urldate = {2015-03-17},
	journal = {Polymer},
	author = {Partridge, R.H.},
	month = jun,
	year = {1983},
	pages = {748--754}
}

@article{partridge_electroluminescence_1983-3,
	title = {Electroluminescence from polyvinylcarbazole films: 4. {Electroluminescence} using higher work function cathodes},
	volume = {24},
	issn = {00323861},
	shorttitle = {Electroluminescence from polyvinylcarbazole films},
	url = {http://linkinghub.elsevier.com/retrieve/pii/0032386183900150},
	doi = {10.1016/0032-3861(83)90015-0},
	language = {en},
	number = {6},
	urldate = {2015-03-17},
	journal = {Polymer},
	author = {Partridge, R.H.},
	month = jun,
	year = {1983},
	pages = {755--762}
}
%23
@article{tang_organic_1987,
	title = {Organic electroluminescent diodes},
	volume = {51},
	issn = {00036951},
	url = {http://scitation.aip.org/content/aip/journal/apl/51/12/10.1063/1.98799},
	doi = {10.1063/1.98799},
	language = {en},
	number = {12},
	urldate = {2015-03-17},
	journal = {Applied Physics Letters},
	author = {Tang, C. W. and VanSlyke, S. A.},
	year = {1987},
	pages = {913}
}

@article{burroughes_light-emitting_1990,
	title = {Light-emitting diodes based on conjugated polymers},
	volume = {347},
	issn = {0028-0836},
	url = {http://www.nature.com/doifinder/10.1038/347539a0},
	doi = {10.1038/347539a0},
	number = {6293},
	urldate = {2015-03-17},
	journal = {Nature},
	author = {Burroughes, J. H. and Bradley, D. D. C. and Brown, A. R. and Marks, R. N. and Mackay, K. and Friend, R. H. and Burns, P. L. and Holmes, A. B.},
	month = oct,
	year = {1990},
	pages = {539--541}
}

@article{baldo_highly_1988,
	title = {Highly efficient phosphorescent emission from organic electroluminescent devices},
	volume = {395},
	journal = {Nature},
	author = {Baldo, M. A. and O'Brien, D. F. and You, Y and Shoustikov, A and Sibley, S and Thompson, M.E. and Forrest, S. R.},
	year = {1988},
	pages = {151--154}
}

@article{cao_improved_1999,
	title = {Improved quantum efficiency for electroluminescence in semiconducting polymers},
	volume = {397},
	journal = {Nature},
	author = {Cao, Yong and Parker, Ian D and Yu, Gang and Zhang, Chi and Heeger, Alan J.},
	year = {1999},
	pages = {414--417}
}

@article{kearns_photovoltaic_1958,
	title = {Photovoltaic {Effect} and {Photoconductivity} in {Laminated} {Organic} {Systems}},
	volume = {29},
	issn = {00219606},
	url = {http://scitation.aip.org/content/aip/journal/jcp/29/4/10.1063/1.1744619},
	doi = {10.1063/1.1744619},
	language = {en},
	number = {4},
	urldate = {2015-03-17},
	journal = {The Journal of Chemical Physics},
	author = {Kearns, David and Calvin, Melvin},
	year = {1958},
	pages = {950}
}

@article{kallmann_photovoltaic_1959,
	title = {Photovoltaic {Effect} in {Organic} {Crystals}},
	volume = {30},
	issn = {0021-9606, 1089-7690},
	url = {http://scitation.aip.org/content/aip/journal/jcp/30/2/10.1063/1.1729992},
	doi = {10.1063/1.1729992},
	language = {en},
	number = {2},
	urldate = {2015-03-17},
	journal = {The Journal of Chemical Physics},
	author = {Kallmann, H. and Pope, M.},
	month = feb,
	year = {1959},
	pages = {585--586}
}

@article{ghosh_photovoltaic_1974,
	title = {Photovoltaic and rectification properties of {Al}∕{Mg} phthalocyanine∕{Ag} {Schottky}-barrier cells},
	volume = {45},
	issn = {00218979},
	url = {http://scitation.aip.org/content/aip/journal/jap/45/1/10.1063/1.1662965},
	doi = {10.1063/1.1662965},
	language = {en},
	number = {1},
	urldate = {2015-03-17},
	journal = {Journal of Applied Physics},
	author = {Ghosh, Amal K. and Morel, Don L. and Feng, Tom and Shaw, Robert F. and Rowe, Charles A.},
	year = {1974},
	pages = {230}
}
%30-32
@article{shirakawa_preparation_1980,
	title = {Preparation and morphology of as-prepared and highly stretch-aligned polyacetylene},
	volume = {1},
	issn = {03796779},
	url = {http://linkinghub.elsevier.com/retrieve/pii/0379677980900089},
	doi = {10.1016/0379-6779(80)90008-9},
	language = {en},
	number = {2},
	urldate = {2015-03-17},
	journal = {Synthetic Metals},
	author = {Shirakawa, Hideki and Ikeda, Sakuji},
	month = mar,
	year = {1980},
	pages = {175--184}
}

@article{shirakawa_synthesis_1977-1,
	title = {Synthesis of electrically conducting organic polymers: halogen derivatives of polyacetylene, ({CH}) x},
	issn = {0022-4936},
	shorttitle = {Synthesis of electrically conducting organic polymers},
	url = {http://xlink.rsc.org/?DOI=c39770000578},
	doi = {10.1039/c39770000578},
	language = {en},
	number = {16},
	urldate = {2015-03-17},
	journal = {Journal of the Chemical Society, Chemical Communications},
	author = {Shirakawa, Hideki and Louis, Edwin J. and MacDiarmid, Alan G. and Chiang, Chwan K. and Heeger, Alan J.},
	year = {1977},
	pages = {578}
}

@article{chiang_electrical_1977,
	title = {Electrical {Conductivity} in {Doped} {Polyacetylene}},
	volume = {39},
	issn = {0031-9007},
	url = {http://link.aps.org/doi/10.1103/PhysRevLett.39.1098},
	doi = {10.1103/PhysRevLett.39.1098},
	language = {en},
	number = {17},
	urldate = {2015-03-17},
	journal = {Physical Review Letters},
	author = {Chiang, C. and Fincher, C. and Park, Y. and Heeger, A. and Shirakawa, H. and Louis, E. and Gau, S. and MacDiarmid, Alan},
	month = oct,
	year = {1977},
	pages = {1098--1101}
}

@article{weinberger_polyacetylene_1982,
	title = {Polyacetylene photovoltaic devices},
	volume = {4},
	issn = {03796779},
	url = {http://linkinghub.elsevier.com/retrieve/pii/0379677982900121},
	doi = {10.1016/0379-6779(82)90012-1},
	language = {en},
	number = {3},
	urldate = {2015-03-17},
	journal = {Synthetic Metals},
	author = {Weinberger, B.R. and Akhtar, M. and Gau, S.C.},
	month = mar,
	year = {1982},
	pages = {187--197}
}

@article{haugeneder_exciton_1999,
	title = {Exciton diffusion and dissociation in conjugated polymer/fullerene blends and heterostructures},
	volume = {59},
	issn = {0163-1829, 1095-3795},
	url = {http://link.aps.org/doi/10.1103/PhysRevB.59.15346},
	doi = {10.1103/PhysRevB.59.15346},
	language = {en},
	number = {23},
	urldate = {2015-03-17},
	journal = {Physical Review B},
	author = {Haugeneder, A. and Neges, M. and Kallinger, C. and Spirkl, W. and
		Lemmer, U. and Feldmann, J. and Scherf, U. and Harth, E. and Gugel, A. and Mullen, K.},
	month = jun,
	year = {1999},
	pages = {15346--15351}
}
%35-38
@article{stubinger_exciton_2001,
	title = {Exciton diffusion and optical interference in organic donor–acceptor photovoltaic cells},
	volume = {90},
	issn = {00218979},
	url = {http://scitation.aip.org/content/aip/journal/jap/90/7/10.1063/1.1394920},
	doi = {10.1063/1.1394920},
	language = {en},
	number = {7},
	urldate = {2015-03-17},
	journal = {Journal of Applied Physics},
	author = {Stubinger, Thomas and Brutting, Wolfgang},
	year = {2001},
	pages = {3632}
}

@article{theander_photoluminescence_2000,
	title = {Photoluminescence quenching at a polythiophene/{C}60 heterojunction},
	volume = {61},
	issn = {0163-1829, 1095-3795},
	url = {http://link.aps.org/doi/10.1103/PhysRevB.61.12957},
	doi = {10.1103/PhysRevB.61.12957},
	language = {en},
	number = {19},
	urldate = {2015-03-17},
	journal = {Physical Review B},
	author = {Theander, M. and Yartsev, A. and Zigmantas, D. and Sundstrom, V. and Mammo, W. and Andersson, M. and Inganas, O.},
	month = may,
	year = {2000},
	pages = {12957--12963}
}

@article{maniloff_intensity-dependent_1997,
	title = {Intensity-dependent relaxation dynamics and the nature of the excited-state species in solid-state conducting polymers},
	volume = {56},
	issn = {0163-1829, 1095-3795},
	url = {http://link.aps.org/doi/10.1103/PhysRevB.56.1876},
	doi = {10.1103/PhysRevB.56.1876},
	language = {en},
	number = {4},
	urldate = {2015-03-17},
	journal = {Physical Review B},
	author = {Maniloff, E. and Klimov, V. and McBranch, D.},
	month = jul,
	year = {1997},
	pages = {1876--1881}
}

@article{vacar_charge-transfer_1997,
	title = {Charge-transfer range for photoexcitations in conjugated polymer/fullerene bilayers and blends},
	volume = {56},
	issn = {0163-1829, 1095-3795},
	url = {http://link.aps.org/doi/10.1103/PhysRevB.56.4573},
	doi = {10.1103/PhysRevB.56.4573},
	language = {en},
	number = {8},
	urldate = {2015-03-17},
	journal = {Physical Review B},
	author = {Vacar, Dan and Maniloff, Eric and McBranch, Duncan and Heeger, Alan},
	month = aug,
	year = {1997},
	pages = {4573--4577}
}

@article{tang_two-layer_1986,
	title = {Two-layer organic photovoltaic cell},
	volume = {48},
	issn = {00036951},
	url = {http://scitation.aip.org/content/aip/journal/apl/48/2/10.1063/1.96937},
	doi = {10.1063/1.96937},
	language = {en},
	number = {2},
	urldate = {2015-03-17},
	journal = {Applied Physics Letters},
	author = {Tang, C. W.},
	year = {1986},
	pages = {183}
}

@article{sariciftci_photoinduced_1992,
	title = {Photoinduced {Electron} {Transfer} from a {Conducting} {Polymer} to {Buckminsterfullerene}},
	volume = {258},
	issn = {0036-8075, 1095-9203},
	url = {http://www.sciencemag.org/cgi/doi/10.1126/science.258.5087.1474},
	doi = {10.1126/science.258.5087.1474},
	language = {en},
	number = {5087},
	urldate = {2015-03-17},
	journal = {Science},
	author = {Sariciftci, N. S. and Smilowitz, L. and Heeger, A. J. and Wudl, F.},
	month = nov,
	year = {1992},
	pages = {1474--1476}
}

@article{smilowitz_photoexcitation_1993,
	title = {Photoexcitation spectroscopy of conducting-polymer–{C}60 composites: {Photoinduced} electron transfer},
	volume = {47},
	issn = {0163-1829, 1095-3795},
	shorttitle = {Photoexcitation spectroscopy of conducting-polymer–{C}60 composites},
	url = {http://link.aps.org/doi/10.1103/PhysRevB.47.13835},
	doi = {10.1103/PhysRevB.47.13835},
	language = {en},
	number = {20},
	urldate = {2015-03-17},
	journal = {Physical Review B},
	author = {Smilowitz, L. and Sariciftci, N. and Wu, R. and Gettinger, C. and Heeger, A. and Wudl, F.},
	month = may,
	year = {1993},
	pages = {13835--13842}
}

@article{lee_sensitization_1993,
	title = {Sensitization of the photoconductivity of conducting polymers by {C}60: {Photoinduced} electron transfer},
	volume = {48},
	issn = {0163-1829, 1095-3795},
	shorttitle = {Sensitization of the photoconductivity of conducting polymers by {C}60},
	url = {http://link.aps.org/doi/10.1103/PhysRevB.48.15425},
	doi = {10.1103/PhysRevB.48.15425},
	language = {en},
	number = {20},
	urldate = {2015-03-17},
	journal = {Physical Review B},
	author = {Lee, C. and Yu, G. and Moses, D. and Pakbaz, K. and Zhang, C. and Sariciftci, N. and Heeger, A. and Wudl, F.},
	month = nov,
	year = {1993},
	pages = {15425--15433}
}

@article{morita_doping_1992,
	title = {Doping effect of buckminsterfullerene in conducting polymer: {Change} of absorption spectrum and quenching of luminescene},
	volume = {82},
	issn = {00381098},
	shorttitle = {Doping effect of buckminsterfullerene in conducting polymer},
	url = {http://linkinghub.elsevier.com/retrieve/pii/003810989290636N},
	doi = {10.1016/0038-1098(92)90636-N},
	language = {en},
	number = {4},
	urldate = {2015-03-17},
	journal = {Solid State Communications},
	author = {Morita, Shigenori and Zakhidov, Anvar A and Yoshino, Katsumi},
	month = apr,
	year = {1992},
	pages = {249--252}
}

@article{yoshino_marked_1993,
	title = {Marked {Enhancement} of {Photoconductivity} and {Quenching} of {Luminescence} in {Poly}(2,5-dialkoxy-p-phenylene vinylene) upon {C} $_{\textrm{60}}$ {Doping}},
	volume = {32},
	issn = {0021-4922},
	url = {http://stacks.iop.org/1347-4065/32/L357},
	doi = {10.1143/JJAP.32.L357},
	language = {en},
	number = {Part 2, No. 3A},
	urldate = {2015-03-17},
	journal = {Japanese Journal of Applied Physics},
	author = {Yoshino, Katsumi and Yin, Xiao Hong and Muro, Keiro and Kiyomatsu, Shinji and Morita, Shigenori and Zakhidov, Anver A. and Noguchi, Takanobu and Ohnishi, Toshihiro},
	month = mar,
	year = {1993},
	pages = {L357--L360}
}

@article{zhang__2003,
	volume = {24},
	journal = {Sem. Opto.},
	author = {Zhang, S. M.},
	year = {2003},
	pages = {84}
}

@article{tsumura_macromolecular_1986,
	title = {Macromolecular electronic device: {Field}-effect transistor with a polythiophene thin film},
	volume = {49},
	issn = {00036951},
	shorttitle = {Macromolecular electronic device},
	url = {http://scitation.aip.org/content/aip/journal/apl/49/18/10.1063/1.97417},
	doi = {10.1063/1.97417},
	language = {en},
	number = {18},
	urldate = {2015-03-17},
	journal = {Applied Physics Letters},
	author = {Tsumura, A. and Koezuka, H. and Ando, T.},
	year = {1986},
	pages = {1210}
}

@article{horowitz_evidence_1996,
	title = {Evidence for n-type conduction in a perylene tetracarboxylic diimide derivative},
	volume = {8},
	issn = {0935-9648, 1521-4095},
	url = {http://doi.wiley.com/10.1002/adma.19960080312},
	doi = {10.1002/adma.19960080312},
	language = {en},
	number = {3},
	urldate = {2015-03-17},
	journal = {Advanced Materials},
	author = {Horowitz, Gilles and Kouki, Fayçal and Spearman, Peter and Fichou, Denis and Nogues, Claude and Pan, Xavier and Garnier, Francis},
	month = mar,
	year = {1996},
	pages = {242--245}
}

@article{liang_excitons_1970,
	title = {Excitons},
	volume = {5},
	issn = {00319120},
	url = {http://stacks.iop.org/0031-9120/5/i=4/a=003?key=crossref.7b2e23175245127b3f5e590926c56103},
	doi = {10.1088/0031-9120/5/4/003},
	number = {4},
	urldate = {2015-03-17},
	journal = {Physics Education},
	author = {Liang, W Y},
	month = jul,
	year = {1970},
	pages = {226--228}
}
%49
@article{yang_morphology_1996,
	title = {Morphology of composites of semiconducting polymers mixed with {C}60},
	volume = {83},
	issn = {03796779},
	url = {http://linkinghub.elsevier.com/retrieve/pii/S0379677997800586},
	doi = {10.1016/S0379-6779(97)80058-6},
	language = {en},
	number = {2},
	urldate = {2015-03-17},
	journal = {Synthetic Metals},
	author = {Yang, C.Y. and Heeger, A.J.},
	month = nov,
	year = {1996},
	pages = {85--88}
}

@article{scharber_efficiency_2013,
	title = {Efficiency of bulk-heterojunction organic solar cells},
	volume = {38},
	issn = {00796700},
	url = {http://linkinghub.elsevier.com/retrieve/pii/S0079670013000427},
	doi = {10.1016/j.progpolymsci.2013.05.001},
	language = {en},
	number = {12},
	urldate = {2015-03-17},
	journal = {Progress in Polymer Science},
	author = {Scharber, M.C. and Sariciftci, N.S.},
	month = dec,
	year = {2013},
	pages = {1929--1940}
}
%51
@article{guo_charge_2010,
	title = {Charge {Generation} and {Recombination} {Dynamics} in {Poly}(3-hexylthiophene)/{Fullerene} {Blend} {Films} with {Different} {Regioregularities} and {Morphologies}},
	volume = {132},
	issn = {0002-7863, 1520-5126},
	url = {http://pubs.acs.org/doi/abs/10.1021/ja100302p},
	doi = {10.1021/ja100302p},
	language = {en},
	number = {17},
	urldate = {2015-03-17},
	journal = {Journal of the American Chemical Society},
	author = {Guo, Jiamo and Ohkita, Hideo and Benten, Hiroaki and Ito, Shinzaburo},
	month = may,
	year = {2010},
	pages = {6154--6164}
}

@article{tautz_charge_2013,
	title = {Charge {Photogeneration} in {Donor}–{Acceptor} {Conjugated} {Materials}: {Influence} of {Excess} {Excitation} {Energy} and {Chain} {Length}},
	volume = {135},
	issn = {0002-7863, 1520-5126},
	shorttitle = {Charge {Photogeneration} in {Donor}–{Acceptor} {Conjugated} {Materials}},
	url = {http://pubs.acs.org/doi/abs/10.1021/ja309252a},
	doi = {10.1021/ja309252a},
	language = {en},
	number = {11},
	urldate = {2015-03-17},
	journal = {Journal of the American Chemical Society},
	author = {Tautz, Raphael and Da Como, Enrico and Wiebeler, Christian and Soavi, Giancarlo and Dumsch, Ines and Frohlich, Nils and Grancini, Giulia and Allard, Sybille and Scherf, Ullrich and Cerullo, Giulio and Schumacher, Stefan and Feldmann, Jochen},
	month = mar,
	year = {2013},
	pages = {4282--4290}
}



@article{gonzalez_frontiers_2011,
	title = {The {Frontiers} of {Quinoidal} {Stability} in {Long} {Oligothiophenes}: {Raman} {Spectra} of {Dicationic} {Polaron} {Pairs}},
	volume = {133},
	issn = {0002-7863, 1520-5126},
	shorttitle = {The {Frontiers} of {Quinoidal} {Stability} in {Long} {Oligothiophenes}},
	url = {http://pubs.acs.org/doi/abs/10.1021/ja2061903},
	doi = {10.1021/ja2061903},
	language = {en},
	number = {41},
	urldate = {2015-03-17},
	journal = {Journal of the American Chemical Society},
	author = {Gonzalez, Sandra R. and Ie, Yutaka and Aso, Yoshio and Lopez Navarrete, Juan T. and Casado, Juan},
	month = oct,
	year = {2011},
	pages = {16350--16353}
}
%54
@article{banerji_exciton_2010,
	title = {Exciton {Formation}, {Relaxation}, and {Decay} in {PCDTBT}},
	volume = {132},
	issn = {0002-7863, 1520-5126},
	url = {http://pubs.acs.org/doi/abs/10.1021/ja105290e},
	doi = {10.1021/ja105290e},
	language = {en},
	number = {49},
	urldate = {2015-03-17},
	journal = {Journal of the American Chemical Society},
	author = {Banerji, Natalie and Cowan, Sarah and Leclerc, Mario and Vauthey, Eric and Heeger, Alan J.},
	month = dec,
	year = {2010},
	pages = {17459--17470}
}

@article{banerji_ultrafast_2011,
	title = {Ultrafast {Relaxation} of the {Poly}(3-hexylthiophene) {Emission} {Spectrum}},
	volume = {115},
	issn = {1932-7447, 1932-7455},
	url = {http://pubs.acs.org/doi/abs/10.1021/jp1119348},
	doi = {10.1021/jp1119348},
	language = {en},
	number = {19},
	urldate = {2015-03-17},
	journal = {The Journal of Physical Chemistry C},
	author = {Banerji, Natalie and Cowan, Sarah and Vauthey, Eric and Heeger, Alan J.},
	month = may,
	year = {2011},
	pages = {9726--9739}
}

@article{devizis_ultrafast_2009,
	title = {Ultrafast {Dynamics} of {Carrier} {Mobility} in a {Conjugated} {Polymer} {Probed} at {Molecular} and {Microscopic} {Length} {Scales}},
	volume = {103},
	issn = {0031-9007, 1079-7114},
	url = {http://link.aps.org/doi/10.1103/PhysRevLett.103.027404},
	doi = {10.1103/PhysRevLett.103.027404},
	language = {en},
	number = {2},
	urldate = {2015-03-17},
	journal = {Physical Review Letters},
	author = {Devižis, A. and Serbenta, A. and Meerholz, K. and Hertel, D. and Gulbinas, V.},
	month = jul,
	year = {2009}
}

@article{kocherzhenko_mechanism_2009,
	title = {Mechanism of {Charge} {Transport} along {Zinc} {Porphyrin}-{Based} {Molecular} {Wires}},
	volume = {131},
	issn = {0002-7863, 1520-5126},
	url = {http://pubs.acs.org/doi/abs/10.1021/ja809174y},
	doi = {10.1021/ja809174y},
	language = {en},
	number = {15},
	urldate = {2015-03-17},
	journal = {Journal of the American Chemical Society},
	author = {Kocherzhenko, Aleksey A. and Patwardhan, Sameer and Grozema, Ferdinand C. and Anderson, Harry L. and Siebbeles, Laurens D. A.},
	month = apr,
	year = {2009},
	pages = {5522--5529}
}

@article{hu_charge_2011,
	title = {Charge {Trapping} and {Storage} by {Composite} {P}3HT/{PC} $_{\textrm{60}}$ {BM} {Nanoparticles} {Investigated} by {Fluorescence}-{Voltage}/{Single} {Particle} {Spectroscopy}},
	volume = {133},
	issn = {0002-7863, 1520-5126},
	url = {http://pubs.acs.org/doi/abs/10.1021/ja207244z},
	doi = {10.1021/ja207244z},
	language = {en},
	number = {51},
	urldate = {2015-03-17},
	journal = {Journal of the American Chemical Society},
	author = {Hu, Zhongjian and Gesquiere, Andre J.},
	month = dec,
	year = {2011},
	pages = {20850--20856}
}

@article{su_solitons_1979,
	title = {Solitons in {Polyacetylene}},
	volume = {42},
	issn = {0031-9007},
	url = {http://link.aps.org/doi/10.1103/PhysRevLett.42.1698},
	doi = {10.1103/PhysRevLett.42.1698},
	language = {en},
	number = {25},
	urldate = {2015-03-17},
	journal = {Physical Review Letters},
	author = {Su, W. P. and Schrieffer, J. R. and Heeger, A. J.},
	month = jun,
	year = {1979},
	pages = {1698--1701}
}
